@inproceedings{spacenet8,
  title={SpaceNet 8 - The Detection of Flooded Roads and Buildings},
  author={R. Hansch and J. Arndt and D. Lunga and M. Gibb and T. Pedelose and A. Boedihardjo and D. Petrie and T. M. Bacastow},
  booktitle={Proceedings of the IEEE International Geoscience and Remote Sensing Symposium},
  pages={5073--5076},
  year={2022}
}

@inproceedings{he2016deep,
  title={Deep residual learning for image recognition},
  author={He, Kaiming and Zhang, Xiangyu and Ren, Shaoqing and Sun, Jian},
  booktitle={Proceedings of the IEEE conference on computer vision and pattern recognition},
  pages={770--778},
  year={2016}
}

@inproceedings{liu2022convnet,
  title={A convnet for the 2020s},
  author={Liu, Zhuang and Mao, Hanzi and Wu, Chao-Yuan and Feichtenhofer, Christoph and Darrell, Trevor and Xie, Saining},
  booktitle={Proceedings of the IEEE/CVF Conference on Computer Vision and Pattern Recognition},
  pages={11976--11986},
  year={2022}
}
